<record><leader>00000cas a22000007a 4500</leader><controlfield tag="001">15229489</controlfield><controlfield tag="008">870223d188u188ugaudn ne      0    0eng d</controlfield><datafield ind1=" " ind2=" " tag="010"><subfield code="a">sn 86090950 </subfield></datafield><datafield ind1=" " ind2=" " tag="040"><subfield code="a">PPM</subfield><subfield code="b">eng</subfield><subfield code="c">PPM</subfield><subfield code="d">NLG</subfield><subfield code="d">OCLCQ</subfield></datafield><datafield ind1=" " ind2=" " tag="042"><subfield code="a">msc</subfield></datafield><datafield ind1="0" ind2=" " tag="130"><subfield code="a">Daily post-appeal (Atlanta, Ga.)</subfield></datafield><datafield ind1="1" ind2="4" tag="245"><subfield code="a">The daily post-appeal.</subfield></datafield><datafield ind1="1" ind2="3" tag="246"><subfield code="a">Atlanta post-appeal</subfield></datafield><datafield ind1="1" ind2="7" tag="246"><subfield code="a">Atlanta daily post-appeal</subfield></datafield><datafield ind1=" " ind2=" " tag="260"><subfield code="a">Atlanta, Ga. :</subfield><subfield code="b">David E. Caldwell</subfield></datafield><datafield ind1=" " ind2=" " tag="300"><subfield code="a">v.</subfield></datafield><datafield ind1=" " ind2=" " tag="310"><subfield code="a">Daily (except Sat.)</subfield></datafield><datafield ind1=" " ind2=" " tag="580"><subfield code="a">Also published in a semiweekly edition: Georgia post-appeal.</subfield></datafield><datafield ind1=" " ind2=" " tag="588"><subfield code="a">Description based on: Vol. 4, no. 100 (Jan. 26, 1881).</subfield></datafield><datafield ind1=" " ind2=" " tag="752"><subfield code="a">United States</subfield><subfield code="b">Georgia</subfield><subfield code="c">Fulton</subfield><subfield code="d">Atlanta.</subfield></datafield><datafield ind1="1" ind2=" " tag="775"><subfield code="t">Georgia post-appeal</subfield></datafield><datafield ind1="0" ind2="0" tag="780"><subfield code="t">Atlanta post-appeal (Atlanta, Ga. : 1878)</subfield><subfield code="w">(DLC)sn 86090951</subfield></datafield><datafield ind1="0" ind2="0" tag="785"><subfield code="t">Atlanta post-appeal (Atlanta, Ga. : 1882)</subfield><subfield code="w">(DLC)sn 89053712</subfield></datafield></record>